<?xml version="1.0" encoding="UTF-8"?><collection xmlns="http://www.loc.gov/MARC21/slim"><record><leader>00527nam--2200193-i-4500</leader><controlfield tag="001">000019897</controlfield><controlfield tag="002">20161230</controlfield><controlfield tag="005">20161230201033</controlfield><controlfield tag="008">060222s1000------------r-----000-0-rum-d</controlfield><datafield ind1=" " ind2=" " tag="040"><subfield code="a">IFIN-HH</subfield></datafield><datafield ind1=" " ind2=" " tag="041"><subfield code="a">rum</subfield></datafield><datafield ind1=" " ind2=" " tag="080"><subfield code="a">519.2</subfield></datafield><datafield ind1="1" ind2=" " tag="100"><subfield code="a">Constantin, Gheorghe</subfield></datafield><datafield ind1="1" ind2="0" tag="245"><subfield code="a">Elemente de analiza probabilista si aplicatii</subfield><subfield code="c">Gh. Constantin ; Ioana Istratescu</subfield></datafield><datafield ind1=" " ind2=" " tag="260"><subfield code="a">Bucuresti, Editura Academiei Rsr, 1981</subfield></datafield><datafield ind1=" " ind2=" " tag="300"><subfield code="a">203 P</subfield></datafield><datafield ind1="1" ind2=" " tag="700"><subfield code="a">Istratescu, Ioana</subfield></datafield><datafield ind1=" " ind2=" " tag="852"><subfield code="a">48982</subfield><subfield code="c">519.2</subfield></datafield><datafield ind1=" " ind2=" " tag="CAT"><subfield code="a">Sys</subfield><subfield code="c">20100607</subfield><subfield code="h">152747</subfield></datafield></record></collection>